<record><leader>00000cas a2200000 a 4500</leader><controlfield tag="001">13090366</controlfield><controlfield tag="008">860131d18431852scuwr ne      0   a0eng  </controlfield><datafield ind1=" " ind2=" " tag="010"><subfield code="a">sn 86071065 </subfield></datafield><datafield ind1=" " ind2=" " tag="040"><subfield code="a">DLC</subfield><subfield code="b">eng</subfield><subfield code="c">DLC</subfield><subfield code="d">NSD</subfield><subfield code="d">SVN</subfield><subfield code="d">FUG</subfield><subfield code="d">OCL</subfield><subfield code="d">NVF</subfield><subfield code="d">OCLCO</subfield><subfield code="d">OCLCQ</subfield><subfield code="d">OCLCF</subfield><subfield code="d">SUC</subfield><subfield code="d">DLC</subfield></datafield><datafield ind1="0" ind2=" " tag="022"><subfield code="a">2472-9205</subfield><subfield code="2">1</subfield></datafield><datafield ind1=" " ind2=" " tag="042"><subfield code="a">pcc</subfield><subfield code="a">nsdp</subfield></datafield><datafield ind1=" " ind2=" " tag="043"><subfield code="a">n-us-sc</subfield></datafield><datafield ind1="0" ind2="0" tag="050"><subfield code="a">Newspaper</subfield></datafield><datafield ind1="1" ind2="0" tag="082"><subfield code="a">071</subfield><subfield code="2">23</subfield></datafield><datafield ind1="0" ind2=" " tag="130"><subfield code="a">Spartan (Spartanburg, S.C. : 1843)</subfield></datafield><datafield ind1=" " ind2="4" tag="222"><subfield code="a">The Spartan</subfield><subfield code="b">(Spartanburg, S.C. 1843. Print)</subfield></datafield><datafield ind1="1" ind2="4" tag="245"><subfield code="a">The Spartan.</subfield></datafield><datafield ind1=" " ind2=" " tag="260"><subfield code="a">Spartanburg, S.C. :</subfield><subfield code="b">T. Wilson,</subfield><subfield code="c">1843-</subfield></datafield><datafield ind1=" " ind2=" " tag="300"><subfield code="a">v.</subfield></datafield><datafield ind1=" " ind2=" " tag="310"><subfield code="a">Weekly</subfield></datafield><datafield ind1="0" ind2=" " tag="362"><subfield code="a">Vol. 1, no. 1 (Dec. 22, 1843)-</subfield></datafield><datafield ind1="1" ind2=" " tag="362"><subfield code="a">Ceased in 1852?</subfield></datafield><datafield ind1=" " ind2=" " tag="530"><subfield code="a">Archived issues are available in digital format from the Library of Congress Chronicling America online collection.</subfield></datafield><datafield ind1=" " ind2=" " tag="588"><subfield code="a">Latest issue consulted: Vol. 8, no. 46 (Dec. 25, 1851).</subfield></datafield><datafield ind1=" " ind2="0" tag="651"><subfield code="a">Spartanburg (S.C.)</subfield><subfield code="v">Newspapers.</subfield></datafield><datafield ind1=" " ind2="0" tag="651"><subfield code="a">Spartanburg County (S.C.)</subfield><subfield code="v">Newspapers.</subfield></datafield><datafield ind1=" " ind2="7" tag="651"><subfield code="a">South Carolina</subfield><subfield code="z">Spartanburg.</subfield><subfield code="2">fast</subfield><subfield code="0">(OCoLC)fst01202729</subfield></datafield><datafield ind1=" " ind2="7" tag="651"><subfield code="a">South Carolina</subfield><subfield code="z">Spartanburg County.</subfield><subfield code="2">fast</subfield><subfield code="0">(OCoLC)fst01210992</subfield></datafield><datafield ind1=" " ind2="7" tag="655"><subfield code="a">Newspapers.</subfield><subfield code="2">fast</subfield><subfield code="0">(OCoLC)fst01423814</subfield></datafield><datafield ind1=" " ind2=" " tag="752"><subfield code="a">United States</subfield><subfield code="b">South Carolina</subfield><subfield code="c">Spartanburg</subfield><subfield code="d">Spartanburg.</subfield></datafield><datafield ind1="0" ind2="8" tag="776"><subfield code="i">Online version:</subfield><subfield code="t">Spartan (Spartanburg, S.C. : 1843)</subfield><subfield code="x">2472-9213</subfield><subfield code="w">(DLC)  2016271112</subfield><subfield code="w">(OCoLC)951437162</subfield></datafield><datafield ind1="0" ind2="0" tag="785"><subfield code="t">Carolina Spartan (Spartanburg, S.C. : 1852)</subfield><subfield code="w">(DLC)sn 83025802</subfield><subfield code="w">(OCoLC)9810224</subfield></datafield><datafield ind1="4" ind2="1" tag="856"><subfield code="u">http://chroniclingamerica.loc.gov/lccn/sn86071065/issues/</subfield></datafield><datafield ind1="1" ind2=" " tag="029"><subfield code="a">AU@</subfield><subfield code="b">000020127889</subfield></datafield></record>